@TechReport{nissen03,
  author = {S. Nissen},
  title = {Implementation of a Fast Artificial Neural Network Library (fann)},
  institution = {Department of Computer Science University of Copenhagen (DIKU)},
  year = {2003},
  note = {http://fann.sf.net},
}
